2885 4864
1390 272 1406 313 l

636 403 725 486 ⁴⁶
1088 386 1689 464 mssERTATlo
1766 390 2173 479 Janch

636 582 865 652 Certis*
894 594 1126 651 ‘tamen
1174 602 1248 650 ex
1292 578 1505 652 ‘causis
1545 577 1760 648 „virum
1815 578 2394 649 intraret-*summm
2423 584 2559 654 'do-

627 690 903 757 nationes
944 689 1147 755 valent
1166 689 1424 772 {veluti
1450 734 1476 768 ,
1525 686 1578 753 si
1616 679 1715 756 re's
1762 687 1952 755 aliem
1969 686 2206 758 „demta
2245 692 2370 775 sit,
2399 713 2564 763 ser.

629 794 1625 882 witmanumittendivffl-atiaaaliaez
1678 815 1842 879 quae
1861 793 2257 880 exceptiones
2294 819 2372 866 ex
2414 800 2562 887 jum

620 907 785 976 timii
804 922 978 973 suam
998 903 1248 979 trahunt
1285 903 1623 990 originem3
1665 906 2049 990 quarumque
2081 907 2234 974 aliae
2260 908 2556 978 libertatis

610 1012 822 1082 fitvore
844 1027 1121 1096 receptae
1153 1029 1301 1084 sunt
1319 1062 1345 1098 ‚
1388 1014 1536 1081 aliae
1568 1015 1742 1098 quod
1769 1002 1985 1084 neufier
2016 1016 2202 1093 exiis
2217 1017 2342 1099 ffiat
2365 1018 2541 1086 locu-

610 1120 836 1204 pletior
871 1122 1313 1204 pauperior-ve.
1383 1139 1554 1189 nam
1573 1136 1643 1188 ea
1693 1136 1966 1192 tantum
1982 1123 2234 1192 donatio
2274 1126 2422 1210 jure
2456 1125 2562 1192 ci·-

552 1242 555 1251 '
612 1228 718 1296 vili
760 1229 1064 1313 prohibim
1108 1244 1213 1298 est
1230 1278 1257 1313 ‚
1318 1248 1394 1296 ex
1455 1249 1577 1314 qua
1613 1230 1677 1296 is
1737 1229 1848 1313 qui
1903 1231 2089 1301 donat
2107 1278 2133 1316 ‚
2173 1232 2264 1299 fit
2311 1252 2560 1320 paupe-

605 1335 732 1408 rior
748 1383 774 1420 ,
842 1351 903 1403 et
952 1336 1008 1403 is
1076 1336 1184 1419 qui
1243 1335 1467 1425 accipit
1533 1337 1924 1429 locupletior.
2085 1370 2090 1379 ·
2461 1398 2466 1403 .

1447 1560 1515 1643 ς.
1605 1580 1669 1628 2.

1021 1774 1130 1844 De
1166 1775 1347 1862 Jurc
1390 1780 1756 1844 testamenti
1773 1772 2102 1860 faciendi.

679 1990 1211 2069 Testamentorum
1286 2009 1507 2075 genera
1564 1990 1739 2057 initio
1831 1990 1959 2058 duo
2040 1988 2293 2057 fuerunt
2308 2036 2334 2073 ‚
2423 1990 2534 2060 a'ut

589 2098 750 2165 enim
825 2099 1029 2166 calatis
1099 2099 1359 2168 comitiis
1410 2100 1636 2168 fiebant
1651 2148 1677 2182 ‚
1740 2097 1955 2184 (quae
2017 2098 2260 2167 comitia
2314 2096 2409 2169 bis
2456 2100 2529 2166 in

586 2226 748 2277 auno
798 2209 1173 2287 testamentis
1225 2208 1517 2280 faciendis
1568 2207 1863 2278 destinata
1912 2221 2085 2274 erant
2103 2251 2128 2287 ‚
2188 2225 2354 2295 quae
2389 2222 2527 2296 pro

590 2317 854 2403 collegio
895 2317 1275 2407 pontificum
1298 2367 1324 2404 ‚
1389 2334 1514 2388 aut
1562 2322 1735 2406 regis
1782 2337 2118 2400 sactorum
2146 2364 2172 2399 ,
2234 2329 2356 2383 aut
2399 2315 2537 2401 fla-

579 2430 821 2495 minum
905 2428 1519 2515 inaugurandorum
1608 2448 1814 2495 causa
1839 2473 1866 2509 ‚
1909 2425 2328 2494 1habebantur
2341 2471 2374 2508 ,
2459 2441 2550 2492 et·

579 2533 999 2602 dividebantur
1052 2534 1118 2600 in
1167 2531 1451 2601 curiata
1472 2551 1601 2623 per
1651 2536 1940 2602 lictorem
1984 2536 2291 2602 variatim
2340 2532 2526 2599 cala-

577 2652 654 2716 ta
669 2686 695 2721 ,
782 2655 847 2707 et
915 2642 1290 2708 centuriata
1352 2659 1481 2730 per
1549 2645 1934 2711 cornicinem
1991 2644 2101 2728 (8
2124 2641 2204 2724 ))
2275 2653 2382 2707 aut
2451 2638 2552 2706 in:

577 2746 940 2831 procinctu,
997 2746 1062 2813 id
1109 2761 1205 2814 est
1224 2795 1251 2832 ,
1293 2767 1436 2817 cum
1473 2750 1618 2818 belli
1662 2770 1845 2819 causa
1894 2751 1972 2818 ad
2009 2765 2279 2834 pugnam
2318 2745 2521 2816 ibant.
2636 2799 2645 2810 .

657 2855 940 2920 Accessit
1018 2854 1233 2937 deinde
1301 2856 1548 2925 tertium
1611 2876 1808 2943 genus
1888 2856 2228 2924 testamenti
2241 2904 2268 2939 ‚
2345 2856 2520 2937 quod

570 2975 684 3045 per
739 2982 842 3033 aes
905 2979 968 3030 et
1038 2963 1252 3032 libram
1301 2966 1531 3051 agitur.
1616 2965 1747 3052 Qui
1805 2982 2009 3048 neque
2066 2963 2272 3031 calatis
2319 2961 2512 3052 cogni-

566 3070 671 3136 tiis
690 3118 715 3154 ‚
772 3091 976 3153 neque
1007 3072 1074 3138 in
1124 3074 1451 3156 procinctu
1505 3087 1934 3140 testamentum
1975 3073 2242 3155 fecerat,
2304 3072 2358 3142 is
2378 3118 2406 3154 ‚
2448 3068 2507 3135 si

564 3182 768 3254 subita
819 3199 1017 3251 morte
1076 3184 1414 3269 urgebatur
1430 3231 1456 3266 ‚
1482 3182 1711 3252 -amico
1765 3183 2050 3252 familiam
2104 3200 2279 3251 suam
2337 3181 2384 3248 i.
2439 3197 2506 3245 e.

496 3375 499 3388 .
561 3290 994 3373 patrimonium
1045 3309 1235 3358 suum
1284 3288 1589 3374 mancipio
1631 3290 1812 3384 dabut
1830 3339 1855 3374 ‚
1901 3309 2167 3373 eumque
2213 3285 2501 3374 rogabat,
2619 3317 2626 3322 ·

438 3387 441 3392 ’
563 3398 713 3479 quid
777 3399 1002 3483 cuique
1058 3412 1207 3481 post
1292 3412 1555 3468 mortem
1599 3418 1772 3468 suam
1822 3399 1950 3467 dari
2017 3398 2219 3466 vellet.
2309 3394 2503 3485 Quod

559 3522 755 3587 genus
805 3501 917 3590 p'er
977 3530 1081 3577 aes
1141 3526 1202 3578 et
1249 3507 1462 3581 libram
1486 3561 1511 3596 ‚
1574 3510 1852 3594 quamvis
1903 3528 2067 3577 nunc
2129 3527 2275 3576 sane
2327 3505 2503 3573 aliter

555 3613 867 3684 ordinatur
888 3664 913 3700 ‚
981 3620 1187 3689 solum
1249 3619 1331 3740 in
1363 3640 1485 3689 usu
1540 3634 1846 3688 retentum
1892 3632 1986 3684 est
2003 3666 2031 3703 ‚
2092 3619 2240 3688 dum
2294 3615 2504 3700 priora

710 3745 711 3750 ¹
2289 3741 2294 3750 ·
2368 3723 2499 3789 duo

617 3870 650 3934 (
667 3869 742 3932 8)
788 3871 875 3926 ef.
935 3885 1155 3926 annuus
1213 3874 1377 3930 Noct.
1445 3875 1571 3929 Aee.
1637 3874 1764 3931 XV.
1813 3888 1926 3941 27..
1968 3883 2036 3925 et*
2087 3880 2487 3927 umatusuorx

559 3954 687 4008 Obs.
740 3954 819 4013 11.
868 3971 925 4012 2.
974 3969 1109 4025 pag.
1168 3970 1280 4022 113.
1346 4015 1349 4020 .
