<?xml version="1.0" encoding="UTF-8"?>
<!DOCTYPE html PUBLIC "-//W3C//DTD XHTML 1.0 Transitional//EN"
    "http://www.w3.org/TR/xhtml1/DTD/xhtml1-transitional.dtd">
<html xmlns="http://www.w3.org/1999/xhtml" xml:lang="en" lang="en">
 <head>
  <title>
</title>
<meta http-equiv="Content-Type" content="text/html;charset=utf-8" />
  <meta name='ocr-system' content='tesseract 3.04.00' />
  <meta name='ocr-capabilities' content='ocr_page ocr_carea ocr_par ocr_line ocrx_word'/>
</head>
<body>
  <div class='ocr_page' id='page_1' title='image "./dissertatiojuri00maangoog_0014.png"; bbox 0 0 2885 4864; ppageno 0'>
   <div class='ocr_carea' id='block_1_1' title="bbox 1404 463 1642 492">
    <p class='ocr_par' dir='ltr' id='par_1_1' title="bbox 1404 463 1642 492">
     <span class='ocr_line' id='line_1_1' title="bbox 1404 463 1642 492; baseline -0.013 0"><span class='ocrx_word' id='word_1_1' title='bbox 1404 463 1642 492; x_wconf 42' lang='grc' dir='ltr'><strong>μ</strong></span> 
     </span>
    </p>
   </div>
   <div class='ocr_carea' id='block_1_2' title="bbox 426 608 2482 2980">
    <p class='ocr_par' dir='ltr' id='par_1_2' title="bbox 531 608 2461 1021">
     <span class='ocr_line' id='line_1_2' title="bbox 531 608 2461 730; baseline 0.003 -30"><span class='ocrx_word' id='word_1_2' title='bbox 531 608 697 725; x_wconf 53' lang='grc' dir='ltr'><em>’μα’</em></span> <span class='ocrx_word' id='word_1_3' title='bbox 759 645 870 698; x_wconf 87' lang='lat' dir='ltr'><em>me</em></span> <span class='ocrx_word' id='word_1_4' title='bbox 913 639 1185 721; x_wconf 80' lang='lat' dir='ltr'><em>semper</em></span> <span class='ocrx_word' id='word_1_5' title='bbox 1256 626 1536 720; x_wconf 79' lang='lat' dir='ltr'><em>excepit</em></span> <span class='ocrx_word' id='word_1_6' title='bbox 1555 675 1579 713; x_wconf 91' lang='lat'>‚</span> <span class='ocrx_word' id='word_1_7' title='bbox 1664 639 1801 721; x_wconf 84' lang='lat' dir='ltr'><em>pro</em></span> <span class='ocrx_word' id='word_1_8' title='bbox 1872 629 2197 705; x_wconf 87' lang='lat' dir='ltr'><em>comitate</em></span> <span class='ocrx_word' id='word_1_9' title='bbox 2217 678 2241 717; x_wconf 93' lang='lat'><strong>,</strong></span> <span class='ocrx_word' id='word_1_10' title='bbox 2314 631 2461 730; x_wconf 55' lang='lat' dir='ltr'><em>quiz</em></span> 
     </span>
     <span class='ocr_line' id='line_1_3' title="bbox 548 766 2457 864; baseline 0.002 -23"><span class='ocrx_word' id='word_1_11' title='bbox 548 770 626 841; x_wconf 86' lang='lat' dir='ltr'><em>in</em></span> <span class='ocrx_word' id='word_1_12' title='bbox 668 766 857 843; x_wconf 82' lang='lat' dir='ltr'><em>hisce</em></span> <span class='ocrx_word' id='word_1_13' title='bbox 901 766 1292 841; x_wconf 82' lang='lat' dir='ltr'><em>studiorum</em></span> <span class='ocrx_word' id='word_1_14' title='bbox 1350 784 1663 840; x_wconf 83' lang='lat' dir='ltr'><em>meorum</em></span> <span class='ocrx_word' id='word_1_15' title='bbox 1718 769 2076 864; x_wconf 83' lang='lat' dir='ltr'><em>primitiis</em></span> <span class='ocrx_word' id='word_1_16' title='bbox 2137 771 2414 846; x_wconf 86' lang='lat' dir='ltr'><em>edendis</em></span> <span class='ocrx_word' id='word_1_17' title='bbox 2431 822 2457 862; x_wconf 88' lang='lat'>‚</span> 
     </span>
     <span class='ocr_line' id='line_1_4' title="bbox 544 906 2161 1021; baseline 0.001 -42"><span class='ocrx_word' id='word_1_18' title='bbox 544 906 729 982; x_wconf 77' lang='lat' dir='ltr'><em>mihi</em></span> <span class='ocrx_word' id='word_1_19' title='bbox 801 906 1072 1004; x_wconf 85' lang='lat' dir='ltr'><em>adfuit.</em></span> <span class='ocrx_word' id='word_1_20' title='bbox 2148 1005 2161 1021; x_wconf 36' lang='grc' dir='ltr'><strong><em>Ι</em></strong></span> 
     </span>
    </p>

    <p class='ocr_par' dir='ltr' id='par_1_3' title="bbox 529 1040 2482 1993">
     <span class='ocr_line' id='line_1_5' title="bbox 633 1040 2458 1151; baseline 0.004 -32"><span class='ocrx_word' id='word_1_21' title='bbox 633 1045 739 1121; x_wconf 73' lang='lat' dir='ltr'><em>Te&#39;·</em></span> <span class='ocrx_word' id='word_1_22' title='bbox 776 1069 1046 1147; x_wconf 84' lang='lat' dir='ltr'><em>quoque</em></span> <span class='ocrx_word' id='word_1_23' title='bbox 1088 1047 1213 1123; x_wconf 78' lang='lat' dir='ltr'><em>CI.</em></span> <span class='ocrx_word' id='word_1_24' title='bbox 1258 1070 1549 1125; x_wconf 64' lang='lat' dir='ltr'><em>xamen</em></span> <span class='ocrx_word' id='word_1_25' title='bbox 1570 1102 1595 1138; x_wconf 92' lang='lat'>,</span> <span class='ocrx_word' id='word_1_26' title='bbox 1664 1052 1743 1125; x_wconf 93' lang='lat' dir='ltr'><em>in</em></span> <span class='ocrx_word' id='word_1_27' title='bbox 1781 1040 2180 1129; x_wconf 74' lang='lat' dir='ltr'><em>Academia</em></span> <span class='ocrx_word' id='word_1_28' title='bbox 2242 1066 2458 1151; x_wconf 81' lang='lat' dir='ltr'><em>quon-</em></span> 
     </span>
     <span class='ocr_line' id='line_1_6' title="bbox 542 1188 2482 1279; baseline 0.003 -17"><span class='ocrx_word' id='word_1_29' title='bbox 542 1190 714 1262; x_wconf 84' lang='lat' dir='ltr'><em>dam</em></span> <span class='ocrx_word' id='word_1_30' title='bbox 788 1188 1400 1279; x_wconf 57' lang='lat' dir='ltr'><em>Harderovicensi</em></span> <span class='ocrx_word' id='word_1_31' title='bbox 1455 1190 1709 1265; x_wconf 84' lang='lat' dir='ltr'><em>Patris</em></span> <span class='ocrx_word' id='word_1_32' title='bbox 1768 1196 1910 1262; x_wconf 88' lang='lat' dir='ltr'><em>mei</em></span> <span class='ocrx_word' id='word_1_33' title='bbox 1974 1194 2482 1268; x_wconf 72' lang='lat' dir='ltr'><em>amantissimi·</em></span> 
     </span>
     <span class='ocr_line' id='line_1_7' title="bbox 536 1296 2462 1426; baseline 0.002 -23"><span class='ocrx_word' id='word_1_34' title='bbox 536 1296 869 1426; x_wconf 77' lang='lat' dir='ltr'><em>collegam</em></span> <span class='ocrx_word' id='word_1_35' title='bbox 896 1332 1540 1426; x_wconf 74' lang='lat' dir='ltr'><em>conjunctissimum</em></span> <span class='ocrx_word' id='word_1_36' title='bbox 1558 1381 1583 1420; x_wconf 89' lang='lat'>,</span> <span class='ocrx_word' id='word_1_37' title='bbox 1645 1333 1728 1403; x_wconf 79' lang='lat' dir='ltr'><em>in&#39;</em></span> <span class='ocrx_word' id='word_1_38' title='bbox 1749 1330 1954 1424; x_wconf 80' lang='lat' dir='ltr'><em>juris</em></span> <span class='ocrx_word' id='word_1_39' title='bbox 1996 1347 2313 1406; x_wconf 85' lang='lat' dir='ltr'><em>naturae</em></span> <span class='ocrx_word' id='word_1_40' title='bbox 2333 1326 2462 1406; x_wconf 66' lang='grc' dir='ltr'><em>αι’·</em></span> 
     </span>
     <span class='ocr_line' id='line_1_8' title="bbox 534 1469 2458 1569; baseline 0.001 -25"><span class='ocrx_word' id='word_1_41' title='bbox 534 1492 669 1567; x_wconf 85' lang='lat' dir='ltr'><em>que</em></span> <span class='ocrx_word' id='word_1_42' title='bbox 706 1470 988 1564; x_wconf 77' lang='lat' dir='ltr'><em>publici</em></span> <span class='ocrx_word' id='word_1_43' title='bbox 1029 1472 1284 1546; x_wconf 85' lang='lat' dir='ltr'><em>studiis</em></span> <span class='ocrx_word' id='word_1_44' title='bbox 1336 1473 1580 1546; x_wconf 85' lang='lat' dir='ltr'><em>ducem</em></span> <span class='ocrx_word' id='word_1_45' title='bbox 1625 1469 1809 1547; x_wconf 83' lang='lat' dir='ltr'><em>mihi</em></span> <span class='ocrx_word' id='word_1_46' title='bbox 1836 1470 2068 1566; x_wconf 83' lang='lat' dir='ltr'><em>fuisse</em></span> <span class='ocrx_word' id='word_1_47' title='bbox 2084 1524 2110 1559; x_wconf 91' lang='lat'>,</span> <span class='ocrx_word' id='word_1_48' title='bbox 2177 1473 2458 1569; x_wconf 77' lang='lat' dir='ltr'><em>gratis·-</em></span> 
     </span>
     <span class='ocr_line' id='line_1_9' title="bbox 534 1596 2451 1711; baseline 0.001 -26"><span class='ocrx_word' id='word_1_49' title='bbox 534 1613 756 1685; x_wconf 82' lang='lat' dir='ltr'><em>simus</em></span> <span class='ocrx_word' id='word_1_50' title='bbox 788 1596 1012 1711; x_wconf 72' lang='lat' dir='ltr'><em>semp‘e</em></span> <span class='ocrx_word' id='word_1_51' title='bbox 1043 1613 1475 1688; x_wconf 85' lang='lat' dir='ltr'><em>recordabor</em></span> <span class='ocrx_word' id='word_1_52' title='bbox 1490 1635 1519 1686; x_wconf 89' lang='lat'><em>.·</em></span> <span class='ocrx_word' id='word_1_53' title='bbox 1546 1614 1712 1685; x_wconf 87' lang='lat' dir='ltr'><em>dum</em></span> <span class='ocrx_word' id='word_1_54' title='bbox 1719 1626 1863 1706; x_wconf 86' lang='lat' dir='ltr'><em>pro</em></span> <span class='ocrx_word' id='word_1_55' title='bbox 1897 1614 2451 1689; x_wconf 77' lang='lat' dir='ltr'><em>institutionibus</em></span> 
     </span>
     <span class='ocr_line' id='line_1_10' title="bbox 530 1724 2458 1852; baseline -0.001 -27"><span class='ocrx_word' id='word_1_56' title='bbox 530 1724 864 1850; x_wconf 69' lang='lat' dir='ltr'><em>egregiis,v</em></span> <span class='ocrx_word' id='word_1_57' title='bbox 943 1756 1387 1852; x_wconf 85' lang='lat' dir='ltr'><em>omnibusque</em></span> <span class='ocrx_word' id='word_1_58' title='bbox 1465 1753 1984 1828; x_wconf 76' lang='lat' dir='ltr'><em>benevolentiae</em></span> <span class='ocrx_word' id='word_1_59' title='bbox 2033 1755 2458 1829; x_wconf 73' lang='lat' dir='ltr'><em>testimoniis</em></span> 
     </span>
     <span class='ocr_line' id='line_1_11' title="bbox 529 1870 2232 1993; baseline -0.001 -26"><span class='ocrx_word' id='word_1_60' title='bbox 529 1870 826 1967; x_wconf 84' lang='lat' dir='ltr'><em>candido</em></span> <span class='ocrx_word' id='word_1_61' title='bbox 876 1898 1114 1969; x_wconf 83' lang='lat' dir='ltr'><em>animo</em></span> <span class='ocrx_word' id='word_1_62' title='bbox 1144 1898 1391 1988; x_wconf 72' lang='lat' dir='ltr'><em>Justas</em></span> <span class='ocrx_word' id='word_1_63' title='bbox 1454 1895 1593 1970; x_wconf 87' lang='lat' dir='ltr'><em>tibi</em></span> <span class='ocrx_word' id='word_1_64' title='bbox 1649 1892 1861 1990; x_wconf 69' lang='lat' dir='ltr'><em>offero</em></span> <span class='ocrx_word' id='word_1_65' title='bbox 1901 1888 2232 1993; x_wconf 73' lang='lat' dir='ltr'><em>gratias.</em></span> 
     </span>
    </p>

    <p class='ocr_par' dir='ltr' id='par_1_4' title="bbox 426 2008 2449 2980">
     <span class='ocr_line' id='line_1_12' title="bbox 625 2008 2449 2133; baseline 0.001 -27"><span class='ocrx_word' id='word_1_66' title='bbox 625 2008 774 2107; x_wconf 80' lang='lat' dir='ltr'><em>Nec</em></span> <span class='ocrx_word' id='word_1_67' title='bbox 824 2058 990 2110; x_wconf 75' lang='lat' dir='ltr'><em>:vero</em></span> <span class='ocrx_word' id='word_1_68' title='bbox 1012 2089 1037 2125; x_wconf 86' lang='lat'>‚</span> <span class='ocrx_word' id='word_1_69' title='bbox 1135 2038 1322 2133; x_wconf 76' lang='lat' dir='ltr'><em>quod</em></span> <span class='ocrx_word' id='word_1_70' title='bbox 1370 2052 1441 2108; x_wconf 90' lang='lat' dir='ltr'><em>te</em></span> <span class='ocrx_word' id='word_1_71' title='bbox 1504 2035 1759 2110; x_wconf 83' lang='lat' dir='ltr'><em>ultimo</em></span> <span class='ocrx_word' id='word_1_72' title='bbox 1817 2037 1956 2109; x_wconf 88' lang='lat' dir='ltr'><em>loco</em></span> <span class='ocrx_word' id='word_1_73' title='bbox 1983 2028 2391 2114; x_wconf 60' lang='lat' dir='ltr'><em>*memorem</em></span> <span class='ocrx_word' id='word_1_74' title='bbox 2425 2088 2449 2125; x_wconf 90' lang='lat'>,</span> 
     </span>
     <span class='ocr_line' id='line_1_13' title="bbox 531 2174 2449 2266; baseline 0.001 -18"><span class='ocrx_word' id='word_1_75' title='bbox 531 2174 639 2249; x_wconf 86' lang='lat' dir='ltr'><em>CI.</em></span> <span class='ocrx_word' id='word_1_76' title='bbox 703 2194 1283 2266; x_wconf 56' lang='lat' dir='ltr'><em>mantuanae,</em></span> <span class='ocrx_word' id='word_1_77' title='bbox 1367 2177 1762 2252; x_wconf 84' lang='lat' dir='ltr'><em>arbitreris</em></span> <span class='ocrx_word' id='word_1_78' title='bbox 1781 2227 1806 2263; x_wconf 86' lang='lat'>‚</span> <span class='ocrx_word' id='word_1_79' title='bbox 1893 2196 2005 2246; x_wconf 89' lang='lat' dir='ltr'><em>me</em></span> <span class='ocrx_word' id='word_1_80' title='bbox 2063 2198 2197 2249; x_wconf 89' lang='lat' dir='ltr'><em>non</em></span> <span class='ocrx_word' id='word_1_81' title='bbox 2247 2176 2449 2250; x_wconf 86' lang='lat' dir='ltr'><em>tanti</em></span> 
     </span>
     <span class='ocr_line' id='line_1_14' title="bbox 529 2314 2446 2417; baseline -0.002 -26"><span class='ocrx_word' id='word_1_82' title='bbox 529 2333 694 2391; x_wconf 84' lang='lat' dir='ltr'><em>tuas</em></span> <span class='ocrx_word' id='word_1_83' title='bbox 740 2318 826 2392; x_wconf 88' lang='lat' dir='ltr'><em>de</em></span> <span class='ocrx_word' id='word_1_84' title='bbox 882 2316 1075 2417; x_wconf 81' lang='lat' dir='ltr'><em>Jure</em></span> <span class='ocrx_word' id='word_1_85' title='bbox 1112 2320 1367 2394; x_wconf 63' lang='lat' dir='ltr'><em>‘Civili</em></span> <span class='ocrx_word' id='word_1_86' title='bbox 1422 2318 1747 2392; x_wconf 88' lang='lat' dir='ltr'><em>Romano</em></span> <span class='ocrx_word' id='word_1_87' title='bbox 1801 2333 2019 2413; x_wconf 87' lang='lat' dir='ltr'><em>atque</em></span> <span class='ocrx_word' id='word_1_88' title='bbox 2084 2314 2446 2389; x_wconf 87' lang='lat' dir='ltr'><em>Hodierno</em></span> 
     </span>
     <span class='ocr_line' id='line_1_15' title="bbox 528 2454 2445 2564; baseline -0.003 -30"><span class='ocrx_word' id='word_1_89' title='bbox 528 2462 852 2535; x_wconf 85' lang='lat' dir='ltr'><em>lectiones</em></span> <span class='ocrx_word' id='word_1_90' title='bbox 913 2463 1201 2536; x_wconf 85' lang='lat' dir='ltr'><em>duxisse</em></span> <span class='ocrx_word' id='word_1_91' title='bbox 1219 2511 1246 2548; x_wconf 88' lang='lat'><strong>,</strong></span> <span class='ocrx_word' id='word_1_92' title='bbox 1335 2461 1590 2564; x_wconf 76' lang='lat' dir='ltr'><em>quanti</em></span> <span class='ocrx_word' id='word_1_93' title='bbox 1661 2480 1744 2529; x_wconf 87' lang='lat' dir='ltr'><em>re</em></span> <span class='ocrx_word' id='word_1_94' title='bbox 1778 2499 1784 2505; x_wconf 92' lang='lat'>·</span> <span class='ocrx_word' id='word_1_95' title='bbox 1815 2474 1994 2528; x_wconf 72' lang='lat' dir='ltr'><em>vera</em></span> <span class='ocrx_word' id='word_1_96' title='bbox 2049 2454 2231 2529; x_wconf 77' lang='lat' dir='ltr'><em>mihi</em></span> <span class='ocrx_word' id='word_1_97' title='bbox 2279 2469 2445 2551; x_wconf 87' lang='lat' dir='ltr'><em>pro·</em></span> 
     </span>
     <span class='ocr_line' id='line_1_16' title="bbox 512 2598 2446 2700; baseline -0.004 -26"><span class='ocrx_word' id='word_1_98' title='bbox 512 2600 740 2697; x_wconf 88' lang='lat' dir='ltr'><em>fuisse</em></span> <span class='ocrx_word' id='word_1_99' title='bbox 804 2614 1079 2696; x_wconf 80' lang='lat' dir='ltr'><em>semper</em></span> <span class='ocrx_word' id='word_1_100' title='bbox 1140 2600 1378 2675; x_wconf 84' lang='lat' dir='ltr'><em>lubens</em></span> <span class='ocrx_word' id='word_1_101' title='bbox 1441 2614 1816 2697; x_wconf 84' lang='lat' dir='ltr'><em>agnoscam</em></span> <span class='ocrx_word' id='word_1_102' title='bbox 1839 2619 1865 2667; x_wconf 91' lang='lat'><em>.·</em></span> <span class='ocrx_word' id='word_1_103' title='bbox 1939 2598 2103 2667; x_wconf 88' lang='lat' dir='ltr'><em>dum</em></span> <span class='ocrx_word' id='word_1_104' title='bbox 2173 2610 2446 2700; x_wconf 81' lang='lat' dir='ltr'><em>semper</em></span> 
     </span>
     <span class='ocr_line' id='line_1_17' title="bbox 524 2738 2441 2839; baseline -0.003 -26"><span class='ocrx_word' id='word_1_105' title='bbox 524 2743 874 2839; x_wconf 80' lang='lat' dir='ltr'><em>gaudium</em></span> <span class='ocrx_word' id='word_1_106' title='bbox 941 2739 1124 2817; x_wconf 81' lang='lat' dir='ltr'><em>mihi</em></span> <span class='ocrx_word' id='word_1_107' title='bbox 1185 2743 1331 2816; x_wconf 85' lang='lat' dir='ltr'><em>erit</em></span> <span class='ocrx_word' id='word_1_108' title='bbox 1350 2795 1374 2829; x_wconf 90' lang='lat'>,</span> <span class='ocrx_word' id='word_1_109' title='bbox 1467 2756 1539 2812; x_wconf 91' lang='lat' dir='ltr'><em>te</em></span> <span class='ocrx_word' id='word_1_110' title='bbox 1618 2752 1751 2813; x_wconf 83' lang='lat' dir='ltr'><em>tua</em></span> <span class='ocrx_word' id='word_1_111' title='bbox 1829 2738 2158 2810; x_wconf 84' lang='lat' dir='ltr'><em>amicitia</em></span> <span class='ocrx_word' id='word_1_112' title='bbox 2227 2753 2441 2831; x_wconf 83' lang='lat' dir='ltr'><em>atque</em></span> 
     </span>
     <span class='ocr_line' id='line_1_18' title="bbox 426 2861 2283 2980; baseline -0.003 -24"><span class='ocrx_word' id='word_1_113' title='bbox 426 2861 460 2890; x_wconf 59' lang='lat'>⁸</span> <span class='ocrx_word' id='word_1_114' title='bbox 534 2882 1014 2961; x_wconf 74' lang='lat' dir='ltr'><em>benevolentia</em></span> <span class='ocrx_word' id='word_1_115' title='bbox 1088 2907 1200 2956; x_wconf 85' lang='lat' dir='ltr'><em>me</em></span> <span class='ocrx_word' id='word_1_116' title='bbox 1270 2905 1410 2959; x_wconf 89' lang='lat' dir='ltr'><em>non</em></span> <span class='ocrx_word' id='word_1_117' title='bbox 1463 2881 1835 2980; x_wconf 82' lang='lat' dir='ltr'><em>indignum</em></span> <span class='ocrx_word' id='word_1_118' title='bbox 1893 2878 2283 2975; x_wconf 82' lang='lat' dir='ltr'><em>judicasse.</em></span> 
     </span>
    </p>
   </div>
  </div>
 </body>
</html>
