2885 4864
644 409 684 458 ι
868 388 883 401 ’
1063 382 1650 473 msssuTA'rio
1723 328 2132 469 Juumica

648 590 713 647 et
772 580 1009 641 tantum
1044 590 1175 639 non
1229 570 1526 640 oblivioni
1575 538 1814 637 tradita.
1919 567 2077 637 Ritu
2097 566 2279 636 'enim
2328 567 2394 636 in
2447 588 2574 638 ma-

638 703 790 753 num
841 680 1265 751 conventionis
1316 681 1601 749 obsoleto
1620 727 1645 762 ‚
1689 678 1913 748 uxores
1956 695 2088 747 non
2151 679 2411 762 amplius
2450 698 2579 746 ma·
2695 672 2700 675 ’

640 793 774 859 ritis
824 805 1116 887 poterant·
1149 795 1324 860 esse.
1350 812 1505 858 suae
1549 788 1801 860 heredes
1822 834 1848 871 ‚
1907 805 2021 854 nec
2069 801 2378 869 tamquam
2421 786 2597 854 filiae·

634 899 889 968 familias
954 898 1277 970 succedere
1294 946 1319 981 ,
1380 917 1498 964 nec
1567 898 1765 965 mariti
1824 897 1999 964 etiam
2019 944 2044 979 ,
2108 909 2415 977 tamquam
2467 913 2576 980 pa·

628 1026 757 1081 tres
824 1007 1078 1079 familias
1148 1007 1321 1077 bona·
1384 1005 1712 1093 defimctae
1776 1007 1986 1079 uxoris
2053 1004 2346 1083 retinere:
2407 1005 2575 1081 unde

625 1118 871 1185 Praetor
901 1116 1216 1200 superstiti
1257 1116 1509 1202 conjugi
1549 1114 2025 1185 accommodavit
2080 1112 2341 1182 edictum
2388 1124 2571 1181 suum

628 1226 793 1311 unde
827 1228 936 1295 vir
969 1240 1033 1295 ct
1078 1246 1280 1315 uxor:
1326 1245 1458 1351 <1:110
1474 1275 1499 1310 ‚
1537 1240 1687 1315 post
1733 1224 2084 1313 deficientes
2120 1238 2416 1325 cognatos
2432 1266 2462 1317 9
2494 1220 2574 1289 ad

628 1336 1079 1435 successionem
1126 1337 1408 1423 conJ'ugis
1461 1336 1793 1421 vocabatur
1844 1335 2113 1426 conjux:
2179 1331 2287 1400 Cf.
2339 1332 2388 1396 l.
2447 1352 2558 1398 un.

621 1442 708 1533 ff.
764 1443 930 1513 unde
981 1428 1089 1512 &ir
1158 1456 1224 1508 ct
1275 1465 1469 1513 uxor.
1523 1460 1585 1512 et
1638 1446 1738 1528 ὃς.
1800 1465 1881 1526 a,
1947 1463 1985 1528 3
2031 1456 2120 1508 et
2151 1460 2221 1525 4.
2273 1439 2436 1506 Inst.
2486 1438 2567 1505 de

628 1551 770 1617 bon.
836 1569 1006 1640 poss.
1029 1572 1059 1617 .·
1149 1553 1320 1635 quod
1379 1552 1770 1621 honorarium
1834 1554 1940 1637 ius
1995 1549 2388 1616 confirmatur
2423 1548 2561 1632 jure

619 1660 781 1728 civili
852 1660 918 1726 in
980 1661 1110 1748 lege
1162 1662 1215 1727 C
1211 1664 1311 1730 od.
1383 1666 1601 1729 unica.
1677 1658 1845 1727 unde
1906 1662 2013 1727 vir
2071 1671 2135 1724 ct
2174 1677 2371 1724 uxor:
2406 1675 2558 1739 ‚quo

627 1767 1029 1836 admittuntur
1098 1773 1239 1857 conj
1246 1790 1398 1855 uges
1488 1783 1638 1854 post
1706 1766 2052 1835 deficientes
2120 1765 2509 1849 propinquos
2527 1810 2555 1847 ‚

619 1875 773 1941 fisco
825 1879 1071 1945 excluso
1143 1883 1319 1966 (1).
1405 1881 1594 1947 Ritus
1645 1893 1847 1946 autem
1898 1876 1984 1942 illi
2006 1923 2031 1958 ,
2102 1871 2385 1960 (quibus
2425 1891 2558 1938 mu·-

616 1983 794 2049 lieres
835 1983 901 2049 in
951 1987 1066 2053 viri
1120 2005 1340 2055 manus
1394 1987 1725 2055 conuenire
1791 1985 2069 2054 solebant
2101 1986 2134 2062 )
2179 2001 2257 2047 ex
2293 1978 2550 2062 antiqui-

616 2102 741 2155 tate
812 2106 982 2157 erant
1055 2093 1469 2179 cognoscendi
1489 2141 1515 2175 ‚
1592 2094 1789 2159 donec
1853 2111 1930 2157 ex
1985 2087 2129 2174 GaJ‘i
2183 2086 2552 2155 Veronensis

616 2194 1110 2270 Institutionibus
1168 2219 1368 2284 nuper
1419 2200 1674 2285 repertis
1690 2249 1715 2284 ,
1760 2215 1944 2283 atque
1992 2196 2206 2277 editis,
2263 2195 2412 2263 certi
2450 2193 2555 2277 ali·

618 2306 769 2386 quid
811 2306 924 2373 hac
969 2308 1044 2373 de
1088 2327 1155 2373 re
1197 2288 1550 2390 constaret,
1620 2325 1764 2375 cum
1803 2322 1933 2387 non
1972 2304 2175 2370 solum
2211 2300 2351 2368 illos
2401 2301 2557 2369 ritus

621 2413 922 2483 describat
940 2464 966 2498 ‚
1050 2437 1263 2484 verum
1320 2416 1500 2483 etiam
1546 2431 1702 2498 quot
1737 2412 1979 2483 ¹fuerint
2026 2410 2231 2491 modi,
2292 2408 2549 2474 indicat:

621 2541 744 2605 qua
816 2523 892 2587 de
957 2542 1024 2588 re
1083 2523 1208 2590 huc
1276 2542 1483 2605 usque
1560 2523 1735 2590 valde
1804 2518 2147 2588 dubitatum
2201 2514 2323 2584 fuit
2372 2530 2560 2598 atque

613 2627 1012 2709 disputatum.
1100 2629 1393 2702 Veterum
1441 2641 1644 2701 autem
1695 2631 1771 2697 de
1811 2628 1934 2695 illis
1979 2626 2198 2694 ritibus
2232 2626 2367 2692 loca
2411 2644 2565 2709 ope·

620 2753 763 2802 rose
806 2734 1277 2819 interpretantur
1309 2756 1730 2808 mussomus.
1811 2735 1914 2802 De
1957 2738 2098 2802 ritu
2137 2735 2515 2820 nuptiarum
2532 2777 2559 2815 ,

618 2854 683 2907 et
757 2862 1180 2911 HOTOMANus
1263 2844 1368 2911 De
1431 2859 1645 2914 vetere
1710 2848 1857 2912 ritu
1890 2846 2272 2932 nuptiarum
2296 2886 2322 2923 ‚
2385 2855 2448 2907 et
2503 2841 2560 2909 si

619 2947 729 3032 qui
781 2949 879 3016 alii
925 2939 1002 3017 de
1057 2950 1181 3023 ritu
1237 2951 1587 3035 nuptiarum
1654 2950 2065 3034 scripserunt:
2155 2946 2265 3011 sed
2308 2945 2390 3013 ita
2404 2994 2429 3029 ,
2486 2962 2561 3016 ut

612 3055 680 3121 in
731 3075 799 3123 re
834 3043 1096 3126 obscura
1112 3107 1137 3142 ‚
1194 3060 1532 3143 multisque
1563 3059 1841 3128 involuta
1892 3052 2198 3135 tenebris,
2241 3054 2556 3137 plamae,

613 3181 807 3245 quum
887 3185 1015 3232 rem
1076 3166 1388 3234 intellectu
1460 3165 1695 3234 facilem
1767 3165 2018 3234 reddere
2078 3161 2306 3232 vellent
2320 3209 2348 3247 ,
2404 3164 2560 3232 illud

611 3271 920 3341 effecerint
941 3321 967 3357 ,
1046 3288 1117 3342 ut
1177 3274 1587 3376 intelligamus
1665 3275 1855 3345 nihil:
1935 3272 2132 3359 quin
2157 3271 2287 3340 imo
2357 3274 2560 3341 adhuc

610 3379 764 3445 nihil
830 3365 1302 3467 intelligeremus
1319 3431 1343 3466 ‚
1427 3379 1549 3457 nisi
1620 3386 1810 3453 hosce
1884 3382 2076 3452 ritus
2102 3382 2182 3449 ab
2250 3381 2562 3450 oblivione

609 3476 975 3557 vindicasset
1019 3490 1219 3578 GaJ‘us
1265 3503 1479 3558 noster
1515 3492 1923 3594 Veronensisa
2007 3490 2310 3578 Quamvis
2359 3505 2512 3560 vero
2528 3536 2560 3573 ,

619 3609 743 3665 tres
810 3600 1031 3672 modos
1093 3600 1325 3686 quibus
1376 3601 1639 3675 femmae
1690 3591 1757 3669 ιιι
1806 3601 1923 3674 viri
1970 3617 2191 3672 manus
2235 3597 2570 3668 convenie-

2292 3721 2300 3746 ³
2368 3707 2559 3802 hant,

653 3846 712 3917 'c
733 3866 756 3905 ε
776 3850 924 3916 )·1n
982 3854 1136 3908 enno
1177 3858 1248 3922 ff·
1310 3858 1401 3922 qut
1445 3857 1732 3912 insanitur
1774 3858 1846 3911 ae
1893 3856 2010 3910 rm
2056 3858 2400 3918 nupciarum.
2446 3867 2551 3910 non

618 3937 748 4002 adeo
794 3935 857 3992 de
908 3938 1020 4004 ipso
1064 3940 1165 3998 ritu
1182 3976 1206 4011 ,
1246 3957 1398 4012 quam
1446 3945 1614 4014 potius
1658 3945 1722 3997 de
1759 3942 1869 4009 iure
1920 3941 2205 4009 nuptiarum
2237 3940 2422 4007 agitur·
