2885 4864
714 432 792 480 ω
1138 391 1734 472 mssen‘rA'rlo
1810 390 2220 480 Jummca

688 595 903 667 durior
940 604 1159 673 quam
1226 582 1606 671 pupillomm
1666 592 1793 647 erat
1862 581 2132 648 conditio
2153 628 2182 663 ,
2241 582 2412 664 quod
2475 602 2641 656 cum
2703 591 2710 594 ’

686 706 753 771 hi
780 701 1043 788 puberes
1090 692 1241 761 facti
1302 714 1340 760 e
1397 690 1592 760 tutela
1617 687 1867 756 exirent
1888 736 1914 774 ,
1956 688 2261 759 foeminae
2311 704 2518 762 efflent
2567 694 2631 764 in

685 826 984 899 perpenm
1039 803 1480 888 tutent-<53³
1552 798 1671 866 nisi
2415 828 2422 837 ·
2477 828 2482 837 ,

782 924 889 989 1⁰.
940 911 1235 996 {Nuptiis
1280 911 1348 976 in
1409 924 1660 975 manum
1711 908 1825 977 viri
1878 908 2295 978 convenirent.

728 1026 891 1093 9..0.
973 1020 1135 1088 Tres
1206 1017 1433 1085 liberos
1505 1026 1711 1082 essent
1779 1015 2021 1083 enixae·
2088 1029 2237 1084 tunc
2290 1013 2449 1083 enim
2493 1016 2629 1103 jure

680 1133 865 1203 trium
918 1131 1279 1200 liberorum
1300 1126 1411 1193 illa
1430 1125 1640 1263 tutela
1685 1121 2010 1257 finiebatur
2062 1145 2138 1193 ex
2187 1126 2325 1211 lege
2375 1125 2538 1214 Julia
2553 1140 2629 1193 et

691 1241 875 1325 Papia
922 1240 1227 1322 Poppaea.

680 1406 697 1417 .
766 1350 875 1434 3⁰.
960 1345 1442 1432 Exeipiebantur
1509 1344 1796 1431 Virgines
1869 1270 2180 1412 Vestales·
2245 1363 2409 1427 quas
2461 1354 2623 1437 vete-

680 1476 777 1525 res
807 1457 905 1523 in
919 1457 1220 1522 honorem
1286 1453 1616 1521 Sacerdotii
1673 1453 1893 1520 liberas
1942 1471 2079 1522 esse
2113 1452 2443 1523 voluerunt
2483 1454 2621 1537 (6).

674 1616 681 1621 .
758 1564 851 1631 Ita
926 1580 1131 1633 vetere
1198 1564 1340 1649 jure
1410 1562 1699 1630 Romano
1769 1579 1907 1627 sese
1955 1579 2070 1647 ‘res
2136 1559 2440 1649 habebat:
2519 1559 2626 1624 secl

674 1671 973 1755 paulatim
1014 1692 1090 1739 ex
1133 1689 1257 1740 usu
1306 1671 1555 1740 recessit
1569 1720 1595 1754 ,
1655 1688 1768 1736 nec
1785 1690 1790 1697 ·
1810 1670 1951 1737 vola
1972 1716 1996 1751 ,
2049 1656 2162 1735 nec
2205 1667 2466 1754 vestigio
2491 1686 2624 1733 -am-

677 1778 843 1865 plius
909 1794 1265 1851 occurrente
1286 1827 1310 1862 ,
1354 1795 1419 1846 et
1468 1777 1826 1848 mulieribus
1869 1776 1966 1843 ad
2009 1795 2123 1843 res
2148 1822 2173 1859 ‚
2236 1795 2391 1859 quas
2455 1776 2619 1860 ipsae

682 1908 898 1974 gerere
949 1899 1078 1955 non
1131 1900 1418 1970 poterant
1435 1935 1461 1968 ,
1477 1918 1487 1976 1
1526 1878 1856 1954 curatores
1890 1884 2015 1953 dati
2067 1899 2238 1953 sunt.

710 2031 719 2035 -
753 1994 1089 2063 Praemissa
1143 2011 1310 2061 nunc
1346 1994 1433 2059 ‘rei
1489 1992 1840 2060 definitione
1861 2039 1886 2075 ‚
1929 1991 2008 2059 ad
2052 1992 2215 2062 illius
2268 1992 2624 2062 divisionem

676 2092 1212 2188 transgrediamur.
1335 2100 1514 2186 Quae
1531 2147 1556 2183 ,
1661 2116 1855 2183 quum
1932 2097 2118 2164 hodie
2203 2098 2285 2166 sit
2355 2100 2572 2185 triplex
2592 2148 2617 2181 ‚

667 2209 1147 2290 testamentaria,
1232 2205 1497 2290 legitima
1569 2220 1636 2292 et
1703 2204 1902 2272 dativa
1955 2203 2107 2288 (7)
2135 2250 2159 2286 ‚
2221 2206 2366 2273 olim
2421 2220 2624 2274 tamen

664 2315 732 2382 in
802 2336 878 2384 eo
966 2315 1279 2384 differebat
1298 2360 1327 2399 ,
1412 2314 1585 2397 quod
1657 2307 1807 2381 tun'c
1890 2312 2185 2395 temporis
2258 2318 2423 2399 apud
2487 2315 2627 2381 Ro·

666 2442 881 2493 manos
950 2423 1179 2508 duplex
1251 2436 1378 2490 erat
1395 2468 1421 2504 ,
1484 2440 1608 2489 una
1662 2417 2022 2504 pupillaris,
2086 2440 2268 2501 quam
2319 2423 2626 2507 {pubertas

669 2532 916 2600 finiebat
934 2579 960 2613 ,
1019 2533 1205 2597 altera
1247 2538 1558 2612 'perpetua
1578 2573 1605 2608 ‚
1648 2527 1794 2614 (uti
1841 2527 2006 2593 illam
2039 2543 2238 2596 -vocat
2288 2533 2624 2599 noer-mus

672 2639 740 2704 in
784 2622 934 2726 Top.
997 2655 1239 2705 elcan.
1293 2635 1474 2717 IV.)
1524 2634 1655 2704 sive
1703 2633 2059 2720 muliebris,
2106 2657 2290 2720 quam
2342 2657 2396 2706 a
2433 2643 2623 2725 majo-

663 2745 836 2815 ribus
900 2744 1186 2830 pupillari
1261 2744 1589 2827 praelatam
1663 2761 1801 2812 esse
1876 2743 2023 2811 dicit
2101 2765 2386 2814 salimus
2454 2749 2622 2832 apud

672 2871 989 2925 021.me
1037 2853 1247 2923 Noct.
1301 2850 1463 2919 Att.
1523 2850 1614 2920 V
1677 2871 1781 2937 13.
1841 2855 2018 2939 (83.

2455 2962 2619 3034 Rur-

737 3112 863 3179 (S)
907 3112 1001 3169 Cf.
1052 3103 1217 3175 cajus
1265 3112 1463 3163 Comm.
1517 3110 1568 3164 1.
1616 3113 1668 3173 §-
1720 3122 1832 3174 145·

742 3195 871 3261 (6)
920 3196 1013 3251 cf.
1078 3207 1248 3259 cajus
1298 3198 1493 3247 eomm.
1543 3192 1595 3247 1.
1644 3207 1758 3258 1⁴5.
1825 3194 1910 3246 Ex
1961 3207 2060 3258 qua
2125 3196 2174 3259 ς.
2225 3194 2398 3262 colligi
2439 3185 2622 3260 potest'

677 3280 743 3333 de
787 3278 951 3342 tutela
1001 3277 1303 3356 feminarum
1349 3292 1637 3344 expressam
1688 3280 1842 3333 fuisse
1886 3280 2075 3347 legem.

741 3365 869 3432 (7)
911 3367 990 3418 Ut
1014 3366 1136 3419 satis
1175 3378 1351 3428 notum
1382 3378 1497 3431 est,
1547 3381 1613 3422 ex
1646 3369 1762 3422 Tit.
1790 3369 1866 3435 ff}
1892 3380 1946 3422 et
1996 3385 2067 3423 ex
2102 3370 2250 3423 Just.
2282 3381 2607 3436 susm-mum.

680 3463 777 3502 nec
820 3465 922 3504 non
964 3465 1031 3503 ex
1081 3454 1195 3517 leg.
1242 3468 1330 3517 52.
1380 3456 1507 3507 eod.
1556 3456 1622 3506 ele
1663 3457 1849 3522 Episc.
1898 3466 1955 3506 σε
2004 3457 2156 3509 Cler-

740 3537 870 3602 (8)
917 3536 1219 3589 Discrimina
1259 3538 1507 3600 quaedam
1557 3538 1689 3591 inter
1734 3541 1826 3592 has
1872 3540 1998 3592 duas
2044 3539 2186 3591 dedit
2234 3549 2497 3592 unwanus
2545 3540 2601 3603 §-

681 3636 770 3686 25.
816 3633 871 3673 et
915 3635 996 3688 27.
1029 3625 1095 3674 de
1132 3627 1326 3677 tutelis
1374 3626 1511 3688 apud
1553 3637 1893 3677 senum-mo.
1926 3627 1981 3677 In
2016 3626 2270 3693 Iurispr.
2305 3634 2461 3678 vetus
2490 3626 2603 3675 An-

685 3715 892 3769 tejusr.
942 3717 1077 3774 pag.
1123 3707 1238 3770 603.
1313 3708 1375 3760 In
1418 3720 1655 3762 veterum
1717 3724 1924 3774 quoque
1985 3711 2183 3775 scriptis
2240 3710 2291 3762 in
2339 3709 2609 3762 Pandectis

689 3789 840 3854 hujus
869 3808 1074 3858 quoque
1118 3795 1309 3848 tutelae
1341 3796 1561 3861 vestigia
1607 3795 1795 3848 alicubi
1839 3796 2029 3862 reperit
2068 3809 2332 3864 cunctus
2374 3795 2600 3849 Observ-

689 3877 824 3932 vn.
870 3895 951 3933 n.
1000 3892 1053 3933 et
1102 3883 1281 3937 XXII.
1326 3898 1412 3939 20.
1459 3881 1624 3936 veluti
1670 3881 1722 3933 in
1772 3886 1892 3949 lege
1928 3896 1986 3938 ο.
2032 3885 2084 3949 S.
2132 3893 2187 3936 Ω.
2239 3881 2308 3946 ff·
2351 3882 2415 3932 de
2460 3881 2603 3955 Cap.

691 3967 820 4015 min.
857 3968 900 4018 1.
945 3979 1031 4024 ιι.
1081 3977 1133 4041 ς.
1193 3984 1246 4024 2.
1290 3970 1357 4033 ff.
1395 3970 1534 4035 quod
1554 3966 1708 4034 falso
1757 3979 1930 4025 tutor.
1982 3966 2191 4022 auctor.
2224 3971 2434 4035 gestum
2483 3979 2608 4021 esse

690 4049 927 4105 dicatur.
