2885 4864
761 399 1821 477 INAUGURALIS·
2223 420 2263 493 5

340 620 398 682 „⁴
424 599 508 664 tis
565 605 641 658 et·
681 588 1043 672 solemnibus
1101 586 1309 659 verbis
1326 634 1352 670 ,
1384 632 1395 669 ·,
1408 583 1848 675 pzaesqntiaas
1904 585 2110 675 decem
2142 598 2274 677 ⁸⁶52

342 751 387 791 ‚,
408 701 597 790 ⁴{ibas
639 712 931 786 aguntuz}
973 709 1051 782 ep·
1084 693 1288 778 fiunt.
1364 693 1562 781 ,Quod
1603 693 1720 770 ius
1776 697 1976 783 etiam
2005 699 2274 785 nostris

344 808 807 900 „temporibus
859 810 967 872 in
990 826 1112 871 usu
1165 818 1302 872 est:
1362 826 1510 874 nam
1568 805 1632 873 F
1626 805 1894 881 lamma:
1941 804 2212 891 majores
2229 854 2280 891 ‚

347 968 393 1008 „
431 920 509 987 id
524 931 658 1000 est,
690 916 957 996 Diales,
993 912 1386 998 Martiales,
1420 912 1810 1000 Quirinales
1828 914 1865 956 ¹⁸¹
1907 914 1944 956 ¹⁸¹
1987 915 2024 957 *
2065 916 2102 959 ¹⁸¹
2142 918 2202 972 ¹⁸¹.
2225 918 2262 961 ¹⁸¹

346 1047 801 1114 „sacrm-um,
891 1024 1016 1088 nisi
1074 1020 1932 1085 -***********,
2005 1024 2286 1115 confar-

346 1127 2279 1220 „reatto’'··*******************

424 1241 619 1309 Hicee
673 1255 818 1324 GAJI
856 1236 1068 1317 locuS,
1129 1253 1322 1318 quum
1370 1251 1502 1301 non
1558 1234 1793 1321 integer
1845 1235 1964 1321 sit,
2023 1253 2084 1306 et
2115 1241 2296 1325 duae,

339 1345 425 1413 ibi
483 1347 729 1415 lacunae
801 1354 1123 1409 occurrant
1142 1386 1168 1423 ‚
1257 1357 1388 1407 non
1453 1339 1570 1407 nisi
1627 1347 2020 1424 perscrutatis
2096 1362 2271 1417 antea

343 1471 614 1527 veterum
642 1450 1010 1537 scriptorum
1028 1499 1053 1532 ‚
1107 1449 1183 1516 de
1218 1449 1323 1514 illo
1358 1448 1423 1514 in
1454 1468 1669 1521 manus
1704 1453 2106 1549 chveniendi
2138 1474 2306 1523 mo-.

346 1566 472 1647 do,
544 1563 695 1630 locis
716 1609 740 1643 ‚
786 1562 947 1647 trite&
1000 1572 1126 1647 etat
1176 1559 1616 1649 intelligendus
1637 1609 1663 1645 ,
1732 1574 1798 1626 et
1861 1561 2274 1645 explicandus.

320 1676 631 1745 *Attamen
675 1670 844 1736 hisce
886 1669 1145 1759 peractis
1159 1717 1184 1752 ,
1247 1671 1304 1738 si
1339 1664 1507 1758 nunc
1561 1670 1738 1761 bene
1778 1671 2153 1741 attendamus
2199 1675 2278 1741 ad

348 1801 421 1865 ea
467 1798 622 1862 quae
685 1795 918 1869 veteres
978 1776 1393 1861 tradiderunt,
1454 1793 1604 1847 tunc
1661 1796 1805 1845 sane
1841 1778 1925 1875 ⁸in
1978 1779 2308 1875 integtjum.

343 1891 520 1959 locus
596 1886 1055 1970 quodammodo
1125 1886 1364 1955 restitui
1436 1907 1626 1971 posse
1710 1886 1988 1955 videtur:
2073 1908 2281 1979 cnjus

346 1996 507 2063 enim
564 1995 1102 2065 confarreationem
1155 1996 1299 2077 dicit
1346 2016 1543 2082 genus
1610 1997 1915 2080 quoddam
1964 1997 2236 2066 sacrificii
2238 2046 2278 2119 ,²

351 2126 481 2188 quo
520 2107 755 2174 farreus
784 2104 986 2191 panis
1042 2105 1397 2174 adhibetur·
1477 2125 1635 2189 quae
1692 2104 1902 2172 ultima
1951 2105 2136 2174 verba
2183 2103 2307 2227 vig

351 2214 575 2281 dentur
609 2232 746 2280 esse
792 2214 1043 2281 ultetior
1095 2213 1602 2306 praecedentium
1615 2214 1928 2282 definitio·
1908 2262 1934 2298 ,
1979 2215 2090 2281 sed
2125 2194 2300 2311 quae'

356 2321 774 2403 praecedentia
844 2320 1074 2405 periere
1090 2369 1115 2402 ‚
1230 2341 1509 2404 quaeque
1581 2336 1784 2391 tamen
1861 2321 1945 2389 ita
2023 2319 2290 2389 fortasse

353 2445 502 2499 sunt
552 2431 958 2513 restituenda,
1022 2446 1093 2498 ut
1140 2426 1411 2515 legamus
1427 2452 1449 2497 t
1521 2477 1563 2513 ‚,
1607 2430 1857 2501 Farreo
1907 2434 1978 2497 in
2029 2449 2291 2496 manum

355 2581 401 2619 ‚‚
441 2542 821 2606 conveniunt
856 2553 986 2626 per
1040 2523 1356 2624 quoddam
1396 2556 1602 2622 genus
1640 2534 1948 2618 sacrificii
1960 2582 1985 2617 ‚
2042 2534 2107 2601 in
2158 2551 2288 2618 quo

357 2690 402 2728 „
444 2658 702 2715 utuntur
738 2646 935 2715 farreo
964 2694 989 2729 ‚
1049 2646 1112 2712 id
1140 2661 1233 2712 est
1269 2646 1331 2711 in
1372 2667 1497 2734 quo
1519 2644 1804 2732 fat-reas
1848 2647 2043 2734 panis
2100 2641 2298 2734 adbif

360 2798 404 2837 ‚‚
444 2754 707 2822 betur.”
789 2755 904 2823 Uti
955 2775 1030 2822 ex
1078 2775 1241 2822 υιι).
1269 2753 1536 2840 fragm.
1593 2758 1703 2820 tit.
1766 2773 1836 2836 9.
1887 2752 2185 2844 cenJicere
2219 2752 2306 2818 li-·

355 2877 477 2930 cet.
566 2863 805 2931 Ceteris
873 2885 1018 2932 vero
1094 2862 1459 2932 enumeratis
1525 2861 2007 2931 solemnitatibus
2025 2909 2051 2944 ‚
2128 2880 2289 2943 quae

356 2971 497 3038 huic
555 2969 969 3039 confarreandi
1009 2973 1151 3040 ritui
1198 2971 1483 3054 propriae
1518 2985 1686 3037 erant
1702 3018 1727 3049 ,
1770 2988 1977 3054 cnjus
2031 2970 2292 3051 probare

356 3067 555 3162 §ergit
582 3079 870 3178 illudJ’us
900 3128 925 3163 ‚
968 3080 1098 3149 suis
1149 3063 1575 3164 temporibus,
1617 3077 1815 3144 adhue
1868 3077 1931 3141 in
1965 3093 2085 3143 usu
2113 3095 2306 3144 esse:-

359 3201 420 3252 et
476 3189 598 3254 hoc
668 3190 807 3255 loco
861 3192 1044 3257 altera
1102 3188 1366 3257 occurrit
1415 3188 1629 3254 lacuna
1650 3233 1676 3269 ‚
1738 3184 1822 3252 ita
1876 3200 1947 3252 ut
2002 3183 2292 3264 schedula

357 3311 490 3361 non
551 3293 666 3362 nisi
726 3316 919 3381 pauca
979 3295 1165 3364 verba
1219 3310 1358 3363 ante
1413 3297 1633 3363 oculos
1686 3307 1901 3377 ponat.
1986 3290 2287 3379 Quamvis

361 3421 560 3485 neque
610 3421 891 3473 nostrum
940 3406 1017 3473 sit
1074 3405 1498 3490 propositum
1488 3454 1512 3489 ‚
1581 3419 1689 3472 aut
1738 3402 2092 3471 obscuriora
2139 3413 2288 3488 σίιῇι

361 3511 497 3576 loca
561 3515 870 3582 emendare
891 3561 916 3596 ,
978 3530 1084 3585 aut
1156 3515 1486 3584 nonnullas
1536 3515 1680 3586 dare
1734 3513 2110 3598 conjecturas
2114 3559 2153 3635 ‚
2229 3525 2291 3582 et

363 3636 528 3702 opus
604 3635 907 3714 praeterea
969 3634 1091 3686 tam
1165 3618 1400 3686 difficile
1471 3617 1841 3704 juvenilibus
1903 3598 2137 3691 viribus
2190 3609 2302 3702 vu<

361 3721 680 3792 conveniat
711 3773 736 3807 ‚
796 3726 973 3792 liceat
1014 3739 1218 3792 tamen
1270 3724 1417 3791 mihi
1469 3727 1745 3792 lacunam
1793 3725 1951 3793 illam
1999 3729 2082 3795 ita
2137 3747 2302 3811 sup⁶

362 3831 525 3915 plere
547 3880 572 3917 ,
635 3845 706 3901 ut
746 3832 1055 3918 legamus.
1106 3835 1109 3842 '
1160 3831 1430 3912 „Nam
1489 3828 1796 3913 flamines
1839 3830 2113 3897 maiores
2132 3861 2184 3914 ‚·
2175 3828 2298 3894 -m

367 3984 413 4024 „
453 3954 587 4021 est,
642 3939 866 4007 Diales
888 3981 913 4019 ,
969 3938 1319 4009 Martiales
1343 3985 1368 4019 ‚
1417 3925 1810 4022 ‚Quirinales
1823 3988 1845 4020 ‚
1911 3940 1943 3980 *
1991 3941 2022 3981 *
2071 3941 2104 3981 *
2165 3925 2292 4000 Re-

1319 4047 1382 4113 A
1424 4065 1460 4127 3
1527 4123 1534 4128 ,
2100 4086 2140 4120 ἰ
2185 4057 2289 4122 ges
