2885 4864
768 334 1867 484 nst-AinGURMAS„=
2188 338 2346 453 σι’

1198 668 1262 752 §-
1350 683 1415 731 1.

733 935 838 1005 Dc
879 928 1126 1001 actione
1161 919 1556 993 instituenda
1593 920 1666 986 ίη
1710 940 1865 987 rem.

340 1186 347 1191 ¹
433 1154 620 1224 Actio
652 1147 886 1220 itt-rem
935 1149 1141 1216 locum
1170 1141 1354 1211 habet
1394 1158 1537 1207 cum
1560 1183 1585 1221 ,
1624 1146 1700 1203 ex
1732 1151 2108 1217 quocunque
2133 1136 2273 1220 jure

342 1258 416 1331 in
473 1283 538 1329 re
559 1309 583 1343 ‚
653 1278 781 1327 rem
837 1255 1238 1325 vindicamus÷
1326 1250 1521 1337 Quod
1572 1246 1676 1333 jus
1725 1243 1790 1311 in
1834 1262 1903 1310 re
1941 1243 2280 1326 proficisci-

344 1386 451 1442 tur
492 1369 592 1437 vel
655 1386 730 1434 ex
783 1362 1056 1432 dominio
1078 1409 1104 1442 ‚
1152 1359 1269 1425 vel·
1305 1376 1381 1424 ex
1439 1354 1733 1424 servitute
1748 1399 1774 1436 ,
1832 1350 1934 1418 vel
1989 1338 2066 1417 ex¹
2107 1351 2285 1417 here-

344 1474 536 1546 ditate
556 1525 581 1559 ,
644 1477 744 1544 vel
789 1493 866 1540 ex
916 1472 1205 1555 pignore.‘

434 1586 577 1657 Etsi
625 1597 829 1653 autem
891 1598 968 1647 ex
1017 1580 1115 1648 his
1158 1574 1446 1645 omnibus
1497 1571 1764 1641 actiones
1811 1568 1875 1636 in
1922 1586 2052 1636 rem
2082 1568 2286 1638 orian-

345 1694 452 1763 'tur
492 1694 501 1731 ·’
510 1694 595 1761 'ex
657 1690 950 1761 servitute
969 1736 995 1773 ,
1077 1688 1237 1756 actio
1267 1682 1699 1764 confessoria3
1763 1697 1842 1748 ex
1901 1679 2231 1746 hereditate
2251 1725 2282 1762 ,

342 1799 700 1869 hereditatis
774 1797 1030 1882 petitiog,
1117 1815 1194 1862 ex
1232 1793 1515 1878 pignore
1530 1837 1557 1872 ‚
1618 1785 1777 1856 actio
1856 1784 2140 1853 Serviana
2180 1784 2286 1855 vel

349 1908 528 1993 quasi
564 1905 895 1988 Serviana3
924 1902 1260 1971 dominium
1342 1915 1547 1968 tamen
1573 1943 1601 1980 ‚
1663 1911 1736 1964 ut
1785 1892 2118 1980 principale
2173 1892 2282 1987 jus

350 2016 420 2081 in
467 2036 535 2081 re
552 2062 577 2096 ‚
626 2006 954 2095 praecipua
1006 2016 1102 2077 est
1139 2003 1396 2075 actionis
1442 2006 1509 2070 in
1554 2021 1686 2072 rem
1733 2020 1967 2086 causa3
2023 1987 2294 2084 idedque

359 2139 514 2203 quae
570 2120 706 2185 inde
751 2117 1023 2185 nascitur
1088 2115 1250 2182 actio
1280 2130 1285 2135 ·
1317 2112 1602 2181 absolute
1646 2109 1806 2177 actio
1860 2108 1927 2176 in
1985 2128 2111 2176 ren
2132 2155 2157 2193 ‚
2218 2122 2288 2176 et

358 2227 445 2294 rei
477 2224 796 2294 vindicatio
835 2222 1055 2290 dicitur
1071 2242 1107 2305 3«
1140 2236 1215 2288 ut
1244 2220 1310 2286 in
1341 2217 1544 2287 dubio·
1582 2235 1837 2299 quoque
1858 2263 1883 2298 ,
1942 2215 2052 2283 ubi
2100 2214 2304 2282 actim.

362 2337 459 2402 nis
529 2333 592 2401 in
638 2353 766 2401 rem
830 2331 1062 2398 mentio
1124 2327 1238 2409 fit,
1311 2328 1465 2395 haec
1515 2326 1654 2408 ipsa
1710 2325 2118 2408 intelligatur3
2194 2321 2288 2392 cf.

359 2448 468 2512 tit.
516 2442 603 2530 ff.
655 2456 717 2510 et
767 2440 921 2511 Cod.
974 2438 1055 2507 de
1109 2443 1212 2505 rei
1256 2438 1440 2507 w‘nd.
1528 2435 1823 2503 Actiones
1875 2434 1942 2501 in
1975 2451 2101 2500 rem
2155 2451 2290 2500 om-

354 2558 465 2623 nes
502 2564 895 2635 *comparatae
938 2562 1087 2616 sunt
1129 2546 1217 2614 rei
1274 2545 1730 2630 persequendae
1774 2540 1998 2627 gratiae
2060 2540 2294 2625 quippe

357 2659 590 2747 quibus
663 2655 950 2722 omnibus
1007 2653 1434 2738 persequimur
1451 2701 1476 2735 ‚
1555 2653 1730 2736 quod
1794 2671 1872 2718 ex
1912 2647 2300 2735 'patrimonio

352 2766 544 2839 ‘nobis
586 2764 760 2834 abest
779 2811 806 2845 ,
858 2764 1087 2831 scilicet
1147 2781 1279 2830 rem
1327 2776 1599 2828 nostram
1618 2809 1643 2844 ,
1708 2779 1867 2845 quae
1910 2757 1989 2826 ab
2038 2757 2158 2827 alio
2187 2777 2304 2854 loc-

354 2875 653 2965 'c'upatuu
718 2871 723 2878 ’
1557 2863 1562 2868 ’
2301 2887 2313 2898 ·

441 2987 517 3053 In
565 2978 933 3051 instituenda
1001 2979 1237 3049 actione
1302 2977 1369 3043 in
1442 2997 1570 3044 rem
1599 3025 1624 3060 ,
1670 2978 1825 3045 duas
1878 2994 1980 3044 res
2032 2975 2300 3060 probare

359 3093 538 3161 debet
581 3107 753 3161 actor
768 3138 794 3173 ,
832 3093 901 3158 se
948 3086 1170 3155 habere
1221 3084 1557 3155 dominium
1573 3134 1598 3169 ,
1640 3102 1813 3153 reum
1852 3083 1922 3149 in
1954 3082 2316 3169 possessio‘

342 3218 445 3267 ⁴ne
480 3205 629 3267 ‘esse
645 3248 670 3283 ,
712 3200 820 3267 »vel
876 3198 1025 3264 dolo
1081 3196 1245 3262 malo
1282 3195 1539 3263 desiisse
1594 3191 1941 3279 possidere.
2306 3247 2314 3258 .

448 3308 720 3377 Primmn
769 3306 942 3390 quod
996 3303 1096 3370 hic
1145 3305 1405 3373 intendit
1459 3320 1630 3373 actor
1680 3320 1744 3371 et
1774 3301 2036 3388 probare
2078 3299 2258 3369 debet
2271 3348 2299 3385 ‚

367 3432 515 3500 est‘,
580 3437 663 3485 ‘se
733 3413 1050 3483 dominum
1114 3434 1284 3483 esse:
1354 3415 1578 3483 etenim
1643 3433 1829 3481 causa
1885 3411 2173 3497 petendi,
2234 3411 2302 3477 in

366 3526 600 3595 actione
670 3526 735 3591 in
808 3541 935 3591 rem
956 3572 981 3606 ,
1061 3538 1194 3591 tota
1249 3523 1504 3593 fundata
1552 3536 1648 3589 est
1698 3521 1765 3587 in
1814 3524 1968 3608 iure*
2004 3517 2254 3589 dominii
2273 3566 2303 3601 ‚

361 3631 526 3704 unde
567 3648 630 3701 et
671 3632 935 3701 formula
980 3633 1150 3703 hunc
1209 3631 1275 3699 in
1343 3633 1599 3700 modum
1656 3630 2116 3716 concipiebatur
2135 3677 2160 3711 ‚
2243 3629 2300 3696 εἰ

351 3753 557 3833 paret
608 3766 743 3809 rem
793 3745 1098 3831 petitor&
1158 3765 1308 3813 esse.
2073 3797 2082 3800 -

453 3853 735 3919 Alterum
788 3854 957 3933 quod
979 3901 1001 3935 ,
1056 3853 1133 3919 ad
1180 3854 1336 3921 bene
1404 3853 1833 3922 instituendam
1885 3849 2181 3921 actionem
2239 3845 2304 3912 in

354 3975 495 4025 vrem
517 4005 541 4042 ,
605 3956 1010 4042 necessarium
1064 3979 1200 4029 esse
1233 3960 1494 4059 diximus
1515 4009 1539 4043 ,
1603 3975 1737 4044 est,
1784 3974 1853 4028 ut
1895 3961 1948 4028 is
1999 3976 2141 4026 cum
2174 3974 2304 4056 quo
2356 3949 2371 3961 ’

1401 4067 1469 4136 Η
1516 4091 1550 4154 3
2187 4061 2311 4149 'agi-
