2885 4864
770 412 1835 493 INAUGURALIS.
2201 446 2280 513 ¹7

250 654 253 662 ·
322 604 577 674 feliciter
626 594 789 673 Rom
797 604 903 672 ulo
949 598 1371 687 successerat,
1433 605 1569 674 ideo
1629 608 1974 679 institutum
2007 612 2101 678 ab
2155 632 2264 680 eo-

320 718 464 783 dem
519 733 660 800 rege
718 712 911 781 fuisse
978 730 1154 800 putat
1174 764 1200 798 ,
1244 728 1497 785 utnon
1551 724 1701 783 vero
1722 765 1748 799 ,
1817 721 1926 786 sed
1976 719 2259 787 simulato

321 825 594 908 quodam
644 837 821 906 raptu
837 871 862 904 ‚
911 823 1112 902 omnis
1152 822 1405 909 legitimi
1459 820 1752 893 connubii
1798 825 1956 894 ritus
2013 838 2261 914 perage-

322 945 534 1000 retur=
598 946 727 1015 quo
785 930 1036 1015 quidem
1088 944 1365 1014 tempore
1413 950 1485 998 ea
1523 930 1719 999 fuisse
1767 931 2008 1000 videtur
2059 934 2260 1002 matri-

323 1039 519 1111 monii
577 1037 976 1106 contrahendi
1043 1039 1196 1107 ratio
1219 1085 1244 1122 ‚
1336 1053 1410 1107 ut
1500 1040 1767 1124 quisque
1851 1039 2145 1126 virginem
2221 1063 2260 1109 a

229 1129 241 1138 ¹
310 1146 561 1233 gremio
611 1145 820 1214 matris
841 1195 867 1229 ,
922 1159 1030 1214 aut
1081 1166 1117 1213 a
1177 1146 1455 1231 proxima
1510 1147 1952 1218 necessitudine
1978 1194 2003 1231 ‚
2069 1148 2132 1217 vi
2181 1148 2265 1216 si-

324 1248 557 1322 mulata
571 1268 800 1340 raptam
819 1305 844 1338 ‚
887 1267 1015 1325 non
1042 1256 1213 1323 aliter
1238 1277 1360 1323 usu
1394 1275 1568 1324 suam
1604 1254 1829 1325 faceret
1844 1306 1870 1340 ,
1913 1274 2098 1342 quam
2130 1257 2268 1325 Ro-

329 1366 523 1429 manau
540 1362 738 1446 pubes
780 1363 1032 1433 Sabinas
1068 1364 1217 1431 olim
1249 1364 1514 1449 virgines
1550 1384 1694 1433 suas
1731 1382 1854 1434 usu
1888 1363 2037 1431 fecit
2057 1363 2266 1450 (ει).

303 1489 341 1499 ’·
415 1471 607 1558 Quod
669 1474 747 1540 ad
804 1471 1214 1555 possessionis
1260 1471 1719 1557 usurpationem
1735 1492 1774 1557 ,·
1822 1473 2052 1540 hancce
2090 1490 2127 1539 a
2174 1468 2269 1538 fe-

318 1576 509 1645 'minis
543 1568 841 1646 Romanis
882 1595 1032 1646 tunc
1077 1581 1372 1665 temporis
1418 1583 1697 1648 nondum
1748 1579 2076 1663 quaesitam
2101 1578 2266 1649 fuis-

308 1696 400 1753 'se
419 1716 457 1767 ·,-
504 1704 585 1751 ne
621 1686 701 1776 ,in
759 1686 1044 1755 familiam
1102 1703 1596 1774 potestatemque
1646 1687 1842 1754 mariti
1893 1686 2219 1755 transirent
2240 1735 2265 1768 ‚

328 1792 630 1861 existimat
665 1795 773 1862 Cl.
827 1815 1056 1863 mmo:
1120 1809 1183 1862 et
1241 1813 1363 1862 usu
1409 1794 1667 1861 maxime
1716 1793 1954 1860 venisse
2012 1809 2091 1858 ne
2147 1796 2270 1858 exi-

330 1914 465 1966 rent
493 1920 529 1966 e
560 1899 783 2007 familia
822 1900 1130 1984 parentiS,
1176 1914 1238 1966 et
1255 1900 1445 1985 huius
1480 1897 1808 1966 hereditate
1836 1898 2097 1984 legitima
2130 1901 2271 1967 des·

308 2011 695 2109 -tituerentur
713 2057 737 2092 ,
820 2006 935 2076 sed
979 2022 1052 2075 ut
1105 2009 1263 2074 hanc
1325 2007 1501 2091 prius
1554 2008 1633 2073 ad
1685 2006 1963 2074 maritum
2013 2007 2270 2074 liberos-

306 2122 496 2198 que
526 2104 680 2182 suos
750 2117 1030 2183 afferrent
1057 2166 1082 2198 ,
1146 2116 1362 2187 deinde
1429 2136 1502 2182 se
1558 2115 1816 2200 usucapi
1869 2128 2221 2201 paterentur
2241 2167 2266 2200 ‚

316 2240 400 2289 et
457 2223 520 2287 ln
572 2222 871 2313 familiam
929 2223 1353 2290 convenirent.

419 2330 834 2413 Sequentibus
885 2346 1087 2398 autem
1164 2331 1251 2398 rei
1314 2331 1631 2399 Romanae
1691 2334 2075 2415 temporibus
2144 2348 2271 2397 non

310 2440 591 2522 *amplius
639 2437 703 2503 in
744 2456 988 2506 manum
1044 2437 1456 2524 familiamque
1502 2439 1697 2507 mariti
1739 2443 2067 2509 convenire
2115 2439 2273 2504 sole-

327 2548 474 2614 bant
543 2567 764 2616 uxores
781 2596 806 2629 ‚
869 2548 1148 2631 adeoque
1218 2551 1550 2618 liberorum
1603 2539 1869 2617 'suorum
1926 2569 2055 2616 non
2107 2561 2274 2613 erant

323 2672 577 2739 agnatae
594 2703 620 2737 ,
638 2663 649 2704 ἐ
683 2656 793 2720 sed
842 2671 1137 2739 cognatae
1194 2671 1429 2725 tantum
1451 2707 1477 2740 ,
1548 2676 1736 2740 quare
1789 2657 1870 2723 ad
1930 2654 2272 2725 successio-

326 2781 467 2828 nem
505 2761 586 2830 ab
631 2762 920 2830 intestato
968 2780 1230 2833 matrum
1278 2782 1342 2832 et
1379 2766 1712 2834 liberorum
1750 2765 2266 2840 confirmandam,

328 2890 495 2953 opus
580 2870 700 2938 fuit
797 2873 1203 2956 peculiaribus
1288 2875 1525 2960 legibus
1545 2921 1570 2955 ‚
1648 2893 1810 2956 quae
1872 2872 2268 2942 inveniuntur

327 2978 494 3046 Inst.
541 2979 627 3045 III
672 3000 765 3064 ,3.
824 2994 886 3046 et
954 3004 1019 3065 4.

318 3123 359 3130 .,
418 3087 582 3156 Hine
666 3089 843 3156 etiam
899 3090 964 3158 in
1035 3094 1173 3178 jure
1250 3107 1715 3177 JUSTINIANEO
1777 3085 1929 3153 nihil
2004 3083 2317 3158 occurrit,

329 3195 406 3261 de
473 3215 734 3266 uxorum
802 3199 866 3265 in
933 3219 1180 3270 manum
1248 3199 1659 3267 conventione
1727 3200 1986 3284 ejusque
2044 3192 2270 3260 effecti-

296 3303 449 3370 ¹bus
496 3305 535 3388 (
554 3307 713 3389 23).
802 3308 997 3377 Modi
1047 3311 1207 3376 enim
1272 3310 1507 3394 quibus
1569 3307 2041 3393 acquirebatur,
2117 3301 2277 3370 anti·

330 3412 537 3493 quati·
532 3412 821 3483 fuerant.
872 3429 873 3436 ’
2025 3471 2030 3478 .

524 3533 529 3540 ⁴
654 3533 658 3546 ⁵
1224 3563 1251 3574 ‚
2051 3557 2054 3560 ι
2145 3534 2270 3597 que

330 3625 701 3686 (21)οΕ
729 3643 1059 3682 natvnnnus
1106 3631 1181 3680 in
1198 3624 2258 3691 Gom1110X11.Tabb.Cap.21.Da

342 3712 621 3761 Simulata
656 3712 888 3776 virginis
936 3714 1240 3777 rapiundae
1292 3715 1369 3765 νὶ.
1421 3709 1512 3762 Cf.
1548 3721 1819 3772 stratejus
1864 3710 1926 3757 de
1961 3709 2126 3757 Asino
2158 3721 2257 3755 au·

342 3812 434 3943 ‘reg
452 3797 684 3942 212v2⁰⁰Cf0
732 3889 956 3933 vu’mu.
1000 3880 1207 3945 fram.
1274 3881 1390 3933 Tit.
1441 3893 1494 3943 9.
1547 3876 1602 3927 in
1661 3887 1988 3929 senum-rme.
2041 3872 2255 3938 Jurlzpr.

346 3967 482 4017 Ante
532 3975 581 4016 et
631 3966 692 4017 ad
760 3976 967 4027 Jusrm.
1019 3964 1136 4017 adn.
1185 3967 1238 4017 d.
1290 3964 1333 4014 t.

1324 4050 1381 4114 C
